
<marc:record><marc:leader>03978cam a2200481 i 4500</marc:leader>
<marc:controlfield tag="005">20170804101329.0</marc:controlfield>
<marc:controlfield tag="006">m     o  d        </marc:controlfield><marc:controlfield tag="007">cr unu||||||||</marc:controlfield><marc:controlfield tag="008">141112t20142014ctua    ob    000 0 eng d</marc:controlfield><marc:datafield tag="020" ind1=" " ind2=" "><marc:subfield code="a">9780472052820</marc:subfield><marc:subfield code="q">(print)</marc:subfield></marc:datafield><marc:datafield tag="020" ind1=" " ind2=" "><marc:subfield code="a">9780472121359</marc:subfield><marc:subfield code="q">(electronic book)</marc:subfield></marc:datafield><marc:datafield tag="024" ind1="7" ind2=" "><marc:subfield code="a">10.3998/dh.13396229.0001.001</marc:subfield></marc:datafield><marc:datafield tag="040" ind1=" " ind2=" "><marc:subfield code="a">MiU</marc:subfield><marc:subfield code="b">eng</marc:subfield><marc:subfield code="c">MiU</marc:subfield></marc:datafield><marc:datafield tag="043" ind1=" " ind2=" "><marc:subfield code="a">n-us---</marc:subfield></marc:datafield><marc:datafield tag="245" ind1="0" ind2="0"><marc:subfield code="a">Web writing :</marc:subfield><marc:subfield code="b">why and how for liberal arts teaching and learning /</marc:subfield><marc:subfield code="c">edited by Jack Dougherty and Tennyson O'Donnell.</marc:subfield></marc:datafield><marc:datafield tag="250" ind1=" " ind2=" "><marc:subfield code="a">Trinity College ePress edition.</marc:subfield></marc:datafield><marc:datafield tag="264" ind1=" " ind2="1"><marc:subfield code="a">Ann Arbor, MI:</marc:subfield><marc:subfield code="b">University of Michigan Press,</marc:subfield><marc:subfield code="c">2015.</marc:subfield></marc:datafield><marc:datafield tag="264" ind1=" " ind2="4"><marc:subfield code="c">©2014</marc:subfield></marc:datafield><marc:datafield tag="300" ind1=" " ind2=" "><marc:subfield code="a">1 online resource (xiv, 257 pages) :</marc:subfield><marc:subfield code="b">illustrations.</marc:subfield></marc:datafield><marc:datafield tag="336" ind1=" " ind2=" "><marc:subfield code="a">text</marc:subfield><marc:subfield code="b">txt</marc:subfield><marc:subfield code="2">rdacontent</marc:subfield></marc:datafield><marc:datafield tag="337" ind1=" " ind2=" "><marc:subfield code="a">computer</marc:subfield><marc:subfield code="b">c</marc:subfield><marc:subfield code="2">rdamedia</marc:subfield></marc:datafield><marc:datafield tag="338" ind1=" " ind2=" "><marc:subfield code="a">online resource</marc:subfield><marc:subfield code="b">cr</marc:subfield><marc:subfield code="2">rdacarrier</marc:subfield></marc:datafield><marc:datafield tag="490" ind1="1" ind2=" "><marc:subfield code="a">Digital humanities</marc:subfield></marc:datafield><marc:datafield tag="500" ind1=" " ind2=" "><marc:subfield code="a">Title from title page of PDF file (viewed November 12, 2014).</marc:subfield></marc:datafield><marc:datafield tag="500" ind1=" " ind2=" "><marc:subfield code="a">&quot;By arrangement with the University of Michigan Press, an open-access digital edition of this book is freely available from Trinity College at http://epress.trincoll.edu/webwriting. You may read the book online in most browsers on a computer or mobile device, or freely download an ePUB, PDF, or Kindle (Mobi) edition.&quot;</marc:subfield></marc:datafield><marc:datafield tag="520" ind1=" " ind2=" "><marc:subfield code="a">This open-access book explores why online writing matters for liberal arts learning and illustrates how different faculty teach with web-based tools for authoring, annotating, peer editing, and publishing.</marc:subfield></marc:datafield><marc:datafield tag="504" ind1=" " ind2=" "><marc:subfield code="a">Includes bibliographical references.</marc:subfield></marc:datafield><marc:datafield tag="505" ind1="2" ind2=" "><marc:subfield code="a">Communities. Sister classrooms : blogging across disciplines and campuses / Amanda Hagood and Carmel Price -- Indigenizing Wikipedia : student accountability to Native American authors on the world's largest encyclopedia / Siobhan Senier -- Science writing, wikis, and collaborative learning / Michael O'Donnell -- Cooperative in-class writing with Google Docs / Jim Trostle -- Co-writing, peer editing, and publishing in the Cloud / Jack Dougherty.</marc:subfield></marc:datafield><marc:datafield tag="505" ind1="2" ind2=" "><marc:subfield code="a">Engagement. How we learned to drop the quiz writing in online asynchronous courses / Celeste Tường Vy Sharpe, Nate Sleeter, and Kelly Schrum -- Tweet me a story / Leigh Wright -- Civic engagement : political web writing with the Stephen Colbert Super PAC / Susan Grogan -- Public writing and student privacy / Jack Dougherty -- Consider the audience / Jen Rajchel -- Creating the reader-viewer : engaging students with scholarly web texts / Anita M. DeRouen -- Pulling back the curtain : writing history through video games / Shawn Graham.</marc:subfield></marc:datafield><marc:datafield tag="505" ind1="2" ind2=" "><marc:subfield code="a">Crossing boundaries. Getting uncomfortable : identity exploration in a multi-class blog / Rochelle Rodrigo and Jennifer Kidd -- Writing as curation : using a 'building' and 'breaking' pedagogy to teach culture in the digital age / Pete Coco and M. Gabriela Torres -- Student digital research and writing on slavery / Alisea Williams McLeod -- Web writing as intercultural dialogue / Holly Oberle.</marc:subfield></marc:datafield><marc:datafield tag="505" ind1="2" ind2=" "><marc:subfield code="a">Citation and annotation. The secondary source sitting next to you / Christopher Hager -- Web writing and citation : the authority of communities / Elizabeth Switaj -- Empowering education with social annotation and wikis / Laura Lisabeth -- There are no new directions in annotations / Jason B. Jones.</marc:subfield></marc:datafield><marc:datafield tag="588" ind1=" " ind2=" "><marc:subfield code="a">Description based on information from the publisher.</marc:subfield></marc:datafield><marc:datafield tag="650" ind1=" " ind2="0"><marc:subfield code="a">Online authorship.</marc:subfield></marc:datafield><marc:datafield tag="650" ind1=" " ind2="0"><marc:subfield code="a">Online authorship</marc:subfield><marc:subfield code="x">Study and teaching.</marc:subfield></marc:datafield><marc:datafield tag="650" ind1=" " ind2="0"><marc:subfield code="a">Internet publishing.</marc:subfield></marc:datafield><marc:datafield tag="650" ind1=" " ind2="0"><marc:subfield code="a">Scholarly electronic publishing.</marc:subfield></marc:datafield><marc:datafield tag="650" ind1=" " ind2="0"><marc:subfield code="a">Education, Humanistic</marc:subfield><marc:subfield code="z">United States.</marc:subfield></marc:datafield><marc:datafield tag="655" ind1=" " ind2="4"><marc:subfield code="a">Electronic books.</marc:subfield></marc:datafield><marc:datafield tag="700" ind1="1" ind2=" "><marc:subfield code="a">Dougherty, Jack,</marc:subfield><marc:subfield code="e">editor.</marc:subfield></marc:datafield><marc:datafield tag="700" ind1="1" ind2=" "><marc:subfield code="a">O'Donnell, Tennyson Lawrence,</marc:subfield><marc:subfield code="d">1973-</marc:subfield><marc:subfield code="e">editor.</marc:subfield></marc:datafield><marc:datafield tag="710" ind1="2" ind2=" "><marc:subfield code="a">Michigan Publishing (University of Michigan)</marc:subfield><marc:subfield code="e">publisher.</marc:subfield></marc:datafield><marc:datafield tag="830" ind1=" " ind2="0"><marc:subfield code="a">Digital humanities (Ann Arbor, Mich.)</marc:subfield></marc:datafield><marc:datafield tag="856" ind1="4" ind2="0"><marc:subfield code="z">Access to the Michigan Publishing online version:</marc:subfield><marc:subfield code="u">https://doi.org/10.3998/dh.13396229.0001.001</marc:subfield></marc:datafield></marc:record>